@MISC{Hanus16Curry,
	author       = {Hanus (ed.), M.},
	title        = {Curry: An Integrated Functional Logic Language (Vers.\ 0.9.0)},
	year         = {2016},
	howpublished = {Available at \url{http://www.curry-language.org}}
}

@article{fischer2011purely,
	title={Purely functional lazy nondeterministic programming},
	author={Fischer, Sebastian and Kiselyov, Oleg and Shan, Chung-chieh},
	journal={Journal of Functional programming},
	volume={21},
	number={4-5},
	pages={413--465},
	year={2011},
	publisher={Cambridge University Press}
}

@book{Lipovaca:2011:LYH:2018642,
	author = {Lipovaca, Miran},
	title = {Learn You a Haskell for Great Good!: A Beginner's Guide},
	year = {2011},
	isbn = {1593272839, 9781593272838},
	edition = {1st},
	publisher = {No Starch Press},
	address = {San Francisco, CA, USA},
}

@inproceedings{lopez2007simple,
	title={A simple rewrite notion for call-time choice semantics},
	author={L{\'o}pez-Fraguas, Francisco J and Rodr{\'\i}guez-Hortal{\'a}, Juan and S{\'a}nchez-Hern{\'a}ndez, Jaime},
	booktitle={Proceedings of the 9th ACM SIGPLAN international conference on Principles and practice of declarative programming},
	pages={197--208},
	year={2007},
	organization={ACM}
}

@article{marlow2010haskell,
	title={Haskell 2010 language report},
	author={Marlow, Simon and others},
	journal={Available online at \url{https://www.haskell.org/onlinereport/haskell2010/}},
	year={2010}
}

@MISC{write-you-a-haskell,
	title={Write You a Haskell: Building a modern functional compiler from first principles},
	author={Stephen Diehl},
	url="http://dev.stephendiehl.com/fun/WYAH.pdf",
	howpublished = {\url{http://dev.stephendiehl.com/fun/WYAH.pdf}}
}

@article{hindley1969principal,
	title={The principal type-scheme of an object in combinatory logic},
	author={Hindley, Roger},
	journal={Transactions of the american mathematical society},
	volume={146},
	pages={29--60},
	year={1969},
	publisher={JSTOR}
}

@article{milner1978theory,
	title={A theory of type polymorphism in programming},
	author={Milner, Robin},
	journal={Journal of computer and system sciences},
	volume={17},
	number={3},
	pages={348--375},
	year={1978},
	publisher={Elsevier}
}

@inproceedings{sheard2002template,
	title={Template meta-programming for Haskell},
	author={Sheard, Tim and Jones, Simon Peyton},
	booktitle={Proceedings of the 2002 ACM SIGPLAN workshop on Haskell},
	pages={1--16},
	year={2002},
	organization={ACM}
}

@MISC{DrIFT,
	title={DrIFT: Program to derive type class instances},
	author={Noel Winstanley, John Meacham},
	url="http://repetae.net/computer/haskell/DrIFT/",
	howpublished = {Available at \url{http://repetae.net/computer/haskell/DrIFT/}}
}

@MISC{derive,
	title={derive: A program and library to derive instances for data types},
	author={Neil Mitchell},
	url="https://github.com/ndmitchell/derive",
	howpublished = {Available at \url{https://github.com/ndmitchell/derive}}
}

@inproceedings{lopez2009flexible,
  title={A flexible framework for programming with non-deterministic functions},
  author={Lopez-Fraguas, Francisco J and Rodriguez-Hortala, Juan and Sanchez-Hernandez, Jaime},
  booktitle={Proceedings of the 2009 ACM SIGPLAN workshop on Partial evaluation and program manipulation},
  pages={91--100},
  year={2009},
  organization={ACM}
}

@article{antoy2010functional,
	title={Functional logic programming.},
	author={Antoy, Sergio and Hanus, Michael},
	journal={Communications of the ACM},
	volume={53},
	number={4},
	pages={74--85},
	year={2010},
	publisher={Citeseer}
}

@article{fischer2009reinventing,
	title={Reinventing Haskell Backtracking.},
	author={Fischer, Sebastian and others},
	journal={GI Jahrestagung},
	volume={2009},
	pages={2875--2888},
	year={2009}
}

@article{hanus2012search,
	title={Search strategies for functional logic programming},
	author={Hanus, Michael and Peem{\"o}ller, Bj{\"o}rn and Reck, Fabian},
	journal={Software Engineering 2012. Workshopband},
	year={2012},
	publisher={Gesellschaft f{\"u}r Informatik eV}
}

@inproceedings{fraguas1999toy,
	title={TOY: A multiparadigm declarative system},
	author={Fraguas, FJ L{\'o}pez and Hern{\'a}ndez, J S{\'a}nchez},
	booktitle={International Conference on Rewriting Techniques and Applications},
	pages={244--247},
	year={1999},
	organization={Springer}
}

@book{hussmann1993nondeterminism,
	title={Nondeterminism in algebraic specifications and algebraic programs},
	author={Hussmann, Heinrich},
	year={1993},
	publisher={Birkh{\"a}user}
}

@INPROCEEDINGS{BrasselHanusPeemoellerReck11,
	author    = {Bra{\ss}el, B. and Hanus, M. and Peem{\"o}ller, B. and Reck, F.},
	title     = {KiCS2: A New Compiler from Curry to Haskell},
	year      = {2011},
	booktitle = {Proc.\ of the 20th International Workshop on Functional and
	(Constraint) Logic Programming (WFLP 2011)},
	pages     = {1-18},
	publisher = {Springer LNCS 6816},
	abstract = {
		In this paper we present our first steps towards a new system
		to compile functional logic programs of the source language Curry
		into purely functional Haskell programs.
		Our implementation is based on the idea to represent
		non-deterministic results as values of the data types corresponding
		to the results.
		This enables the application of various search strategies
		to extract values from the search space.
		We show by several benchmarks that our implementation
		can compete with or outperform other existing implementations of Curry.
	}
}

@article{riesco2014singular,
	title={Singular and plural functions for functional logic programming},
	author={Riesco, Adri{\'a}n and Rodr{\'\i}guez-Hortal{\'a}, Juan},
	journal={Theory and Practice of Logic Programming},
	volume={14},
	number={1},
	pages={65--116},
	year={2014},
	publisher={Cambridge University Press}
}

@misc{lux2003munster,
  title={The M{\"u}nster Curry compiler},
  author={Lux, Wolfgang},
  year={2003}
}

@article{DBLP:journals/jlp/Gonzalez-MorenoHLR99,
	author    = {Juan Carlos Gonz{\'{a}}lez Moreno and
		Maria Teresa Hortal{\'{a}}{-}Gonz{\'{a}}lez and
		Francisco Javier L{\'{o}}pez{-}Fraguas and
		Mario Rodr{\'{\i}}guez{-}Artalejo},
	title     = {An Approach to Declarative Programming Based on a Rewriting Logic},
	journal   = {J. Log. Program.},
	volume    = {40},
	number    = {1},
	pages     = {47--87},
	year      = {1999},
	url       = {https://doi.org/10.1016/S0743-1066(98)10029-8},
	doi       = {10.1016/S0743-1066(98)10029-8},
	timestamp = {Fri, 15 Sep 2017 17:21:42 +0200},
	biburl    = {https://dblp.org/rec/bib/journals/jlp/Gonzalez-MorenoHLR99},
	bibsource = {dblp computer science bibliography, https://dblp.org}
}

@book{baader1999term,
  title={Term rewriting and all that},
  author={Baader, Franz and Nipkow, Tobias},
  year={1999},
  publisher={Cambridge university press}
}

@article{smith1994principal,
  title={Principal type schemes for functional programs with overloading and subtyping},
  author={Smith, Geoffrey S},
  journal={Science of Computer Programming},
  volume={23},
  number={2-3},
  pages={197--226},
  year={1994},
  publisher={Elsevier}
}

@book{deransart2012prolog,
  title={Prolog: the standard: reference manual},
  author={Deransart, Pierre and Ed-Dbali, AbdelAli and Cervoni, Laurent},
  year={2012},
  publisher={Springer Science \& Business Media}
}
